@article{thirion1995fast,
  title={Fast non-rigid matching of 3D medical images},
  author={Thirion, Jean-Philippe},
  year={1995}
}

@article{bookstein1989principal,
  title={Principal warps: Thin-plate splines and the decomposition of deformations},
  author={Bookstein, Fred L.},
  journal={IEEE Transactions on pattern analysis and machine intelligence},
  volume={11},
  number={6},
  pages={567--585},
  year={1989},
  publisher={IEEE Computer Society}
}